@article{jimenez2002finite,
  title={A finite dimensional extension of Lyusternik theorem with applications to multiobjective optimization},
  author={Jim{\'e}nez, Bienvenido and Novo, Vicente},
  journal={Journal of mathematical analysis and applications},
  volume={270},
  number={2},
  pages={340--356},
  year={2002},
  publisher={Elsevier}
}

@book{guler2010foundations,
  title={Foundations of optimization},
  author={G{\"u}ler, Osman},
  volume={258},
  year={2010},
  publisher={Springer Science \& Business Media}
}
